
@article{ly2015compliance,
  title={Compliance monitoring in business processes: Functionalities, application, and tool-support},
  author={Ly, Linh Thao and Maggi, Fabrizio Maria and Montali, Marco and Rinderle-Ma, Stefanie and van der Aalst, Wil MP},
  journal={Information systems},
  volume={54},
  pages={209--234},
  year={2015},
  publisher={Elsevier}
}

@inproceedings{bohmer2015genetic,
  title={A Genetic Algorithm for Automatic Business Process Test Case Selection},
  author={B{\"o}hmer, Kristof and Rinderle-Ma, Stefanie},
  booktitle={On the Move to Meaningful Internet Systems: OTM 2015 Conferences},
  pages={166--184},
  year={2015},
  organization={Springer}
}

@article{setiawan2013methodology,
  title={A methodology for improving business process performance through positive deviance},
  author={Setiawan, Mukhammad Andri and Sadiq, Shazia},
  journal={International Journal of Information System Modeling and Design (IJISMD)},
  volume={4},
  number={2},
  pages={1--22},
  year={2013},
  publisher={IGI Global}
}

@article{van2012replaying,
  title={Replaying history on process models for conformance checking and performance analysis},
  author={Van der Aalst, Wil and Adriansyah, Arya and van Dongen, Boudewijn},
  journal={Wiley Interdisciplinary Reviews: Data Mining and Knowledge Discovery},
  volume={2},
  number={2},
  pages={182--192},
  year={2012},
  publisher={Wiley Online Library}
}

@inproceedings{setiawan2013integrated,
  title={Integrated Framework For Business Process Complexity Analysis.},
  author={Setiawan, Mukhammad Andri},
  booktitle={ECIS},
  pages={49},
  year={2013}
}

@incollection{rinderle2003evaluation,
  title={Evaluation of correctness criteria for dynamic workflow changes},
  author={Rinderle, Stefanie and Reichert, Manfred and Dadam, Peter},
  booktitle={Business Process Management},
  pages={41--57},
  year={2003},
  publisher={Springer}
}

@inproceedings{munoz2011enhancing,
  title={Enhancing precision in process conformance: stability, confidence and severity},
  author={Munoz-Gama, Jorge and Carmona, Josep},
  booktitle={Computational Intelligence and Data Mining (CIDM), 2011 IEEE Symposium on},
  pages={184--191},
  year={2011},
  organization={IEEE}
}

@incollection{munoz2013conformance,
  title={Conformance checking in the large: Partitioning and topology},
  author={Munoz-Gama, Jorge and Carmona, Josep and Van der Aalst, Wil MP},
  booktitle={Business Process Management},
  pages={130--145},
  year={2013},
  publisher={Springer}
}

@inproceedings{hermann2015optimizing,
  title={Optimizing aesthetics and precision in sonification for peripheral process-monitoring},
  author={Hermann, Thomas and Hildebrandt, Tobias and Langeslag, Patrick and Rinderle-Ma, Stefanie},
  booktitle={Proceedings of the 21st International Conference on Auditory Display (ICAD 2015)},
  year={2015}
}
